<record><leader>00000cas a2200000 a 4500</leader><controlfield tag="001">13347387</controlfield><controlfield tag="008">860326d18751877txudn ne      0    0eng  </controlfield><datafield ind1=" " ind2=" " tag="010"><subfield code="a">sn 86071250 </subfield></datafield><datafield ind1=" " ind2=" " tag="040"><subfield code="a">DLC</subfield><subfield code="b">eng</subfield><subfield code="c">DLC</subfield><subfield code="d">PPM</subfield><subfield code="d">DLC</subfield><subfield code="d">OCLCO</subfield><subfield code="d">OCLCQ</subfield><subfield code="d">OCLCF</subfield><subfield code="d">HUL</subfield></datafield><datafield ind1=" " ind2=" " tag="042"><subfield code="a">pcc</subfield></datafield><datafield ind1=" " ind2=" " tag="043"><subfield code="a">n-us-tx</subfield></datafield><datafield ind1="0" ind2="0" tag="050"><subfield code="a">Newspaper</subfield></datafield><datafield ind1="0" ind2=" " tag="130"><subfield code="a">San Antonio express (San Antonio, Tex. : 1875)</subfield></datafield><datafield ind1="1" ind2="0" tag="245"><subfield code="a">San Antonio express.</subfield></datafield><datafield ind1="1" ind2="3" tag="246"><subfield code="a">Daily express</subfield></datafield><datafield ind1=" " ind2=" " tag="260"><subfield code="a">San Antonio, Tex. :</subfield><subfield code="b">A.A. Bacock &amp; Co.,</subfield><subfield code="c">1875-1877.</subfield></datafield><datafield ind1=" " ind2=" " tag="300"><subfield code="a">2 v. :</subfield><subfield code="b">ill. ;</subfield><subfield code="c">53 cm.</subfield></datafield><datafield ind1=" " ind2=" " tag="310"><subfield code="a">Daily (except Sunday)</subfield></datafield><datafield ind1="0" ind2=" " tag="362"><subfield code="a">Vol. 9, no. 42 (Oct. 18, 1875)-v. 11, no. 52 (Mar. 3, 1877).</subfield></datafield><datafield ind1=" " ind2=" " tag="530"><subfield code="a">Also issued on microfilm from the Library of Congress, Photoduplication Servicem, and Micro Photo Div., Bell &amp; Howell Co.</subfield></datafield><datafield ind1=" " ind2=" " tag="580"><subfield code="a">Also published in a weekly ed. called: San Antonio express (San Antonio, Tex : 1865).</subfield></datafield><datafield ind1=" " ind2="0" tag="651"><subfield code="a">San Antonio (Tex.)</subfield><subfield code="v">Newspapers.</subfield></datafield><datafield ind1=" " ind2="7" tag="651"><subfield code="a">Texas</subfield><subfield code="z">San Antonio.</subfield><subfield code="2">fast</subfield><subfield code="0">(OCoLC)fst01205169</subfield></datafield><datafield ind1=" " ind2="7" tag="655"><subfield code="a">Newspapers.</subfield><subfield code="2">fast</subfield><subfield code="0">(OCoLC)fst01423814</subfield></datafield><datafield ind1=" " ind2=" " tag="752"><subfield code="a">United States</subfield><subfield code="b">Texas</subfield><subfield code="c">Bexar</subfield><subfield code="d">San Antonio.</subfield></datafield><datafield ind1="1" ind2=" " tag="775"><subfield code="t">San Antonio express (San Antonio, Tex. : Weekly)</subfield><subfield code="w">(DLC)sn 84022088</subfield><subfield code="w">(OCoLC)10279639</subfield></datafield><datafield ind1="0" ind2="0" tag="780"><subfield code="t">San Antonio daily express (San Antonio, Tex. : 1871)</subfield><subfield code="w">(DLC)sn 84024141</subfield><subfield code="w">(OCoLC)10566143</subfield></datafield><datafield ind1="0" ind2="0" tag="785"><subfield code="t">San Antonio daily express (San Antonio, Tex. : 1877)</subfield><subfield code="w">(DLC)sn 86071251</subfield><subfield code="w">(OCoLC)13347443</subfield></datafield><datafield ind1="1" ind2=" " tag="029"><subfield code="a">AU@</subfield><subfield code="b">000022276328</subfield></datafield></record>